@book{Hatcher,
  added-at = {2011-11-11T03:25:59.000+0100},
  address = {Cambridge},
  author = {Hatcher, Allen},
  biburl = {https://www.bibsonomy.org/bibtex/2a001f8991d1935a94831c18d9e85756d/mwpb479},
  file = {:C\:\\Users\\mat\\Documents\\Pdfs\\AT.pdf:PDF},
  groups = {public},
  interhash = {bf666f5059c799f3b1a723fd79c616d6},
  intrahash = {a001f8991d1935a94831c18d9e85756d},
  isbn = {0-521-79160-X; 0-521-79540-0},
  keywords = {},
  mrclass = {55-01 (55-00)},
  mrnumber = {1867354 (2002k:55001)},
  mrreviewer = {Donald W. Kahn},
  pages = {xii+544},
  publisher = {Cambridge University Press},
  timestamp = {2011-11-11T03:25:59.000+0100},
  title = {Algebraic topology},
  username = {mwpb479},
  year = 2002
}

@book{May:1416976,
  title={A Concise Course in Algebraic Topology},
  author={May, J.P.},
  isbn={9780226511832},
  lccn={99296133},
  series={Chicago Lectures in Mathematics},
  url={https://books.google.co.in/books?id=g8SG03R1bpgC},
  year={1999},
  publisher={University of Chicago Press}
}


@inbook{barnes_roitzheim_2020, place={Cambridge}, series={Cambridge Studies in Advanced Mathematics}, title={Basics of Stable Homotopy Theory}, DOI={10.1017/9781108636575.002}, booktitle={Foundations of Stable Homotopy Theory}, publisher={Cambridge University Press}, author={Barnes, David and Roitzheim, Constanze}, year={2020}, pages={7â€“36}, collection={Cambridge Studies in Advanced Mathematics}}

